@article{alley2019,
  title={Unified rational protein engineering with sequence-based deep representation learning},
  author={Alley, Ethan C and Khimulya, Grigory and Biswas, Surojit and AlQuraishi, Mohammed and Church, George M},
  journal={Nature methods},
  volume={16},
  number={12},
  pages={1315--1322},
  year={2019},
  publisher={Nature Publishing Group}
}

@incollection{alloghani2020,
  title={A Systematic Review on Supervised and Unsupervised Machine Learning Algorithms for Data Science},
  author={Alloghani, Mohamed and Al-Jumeily, Dhiya and Mustafina, Jamila and Hussain, Abir and Aljaaf, Ahmed J},
  booktitle={Supervised and Unsupervised Learning for Data Science},
  pages={3--21},
  year={2020},
  publisher={Springer}
}
@article{almagro2017deeploc,
  title={DeepLoc: prediction of protein subcellular localization using deep learning},
  author={Almagro Armenteros, Jos{\'e} Juan and S{\o}nderby, Casper Kaae and S{\o}nderby, S{\o}ren Kaae and Nielsen, Henrik and Winther, Ole},
  journal={Bioinformatics},
  volume={33},
  number={21},
  pages={3387--3395},
  year={2017},
  publisher={Oxford University Press}
}
@article{armenteros2019,
  title={SignalP 5.0 improves signal peptide predictions using deep neural networks},
  author={Armenteros, Jos{\'e} Juan Almagro and Tsirigos, Konstantinos D and S{\o}nderby, Casper Kaae and Petersen, Thomas Nordahl and Winther, Ole and Brunak, S{\o}ren and von Heijne, Gunnar and Nielsen, Henrik},
  journal={Nature biotechnology},
  volume={37},
  number={4},
  pages={420--423},
  year={2019},
  publisher={Nature Publishing Group}
}
@article{auclair2012,
  title={Signal peptidase I: cleaving the way to mature proteins},
  author={Auclair, Sarah M and Bhanu, Meera K and Kendall, Debra A},
  journal={Protein Science},
  volume={21},
  number={1},
  pages={13--25},
  year={2012},
  publisher={Wiley Online Library}
}

@misc{berg2015,
  title={Biochemistry (eight edition)},
  author={Berg, JM and Tymoczko, JL and Gatto, G and Stryer, L},
  year={2015},
  publisher={WH Freeman \& Co Ltd}
}

@incollection{bisong2019,
  title={Matplotlib and Seaborn},
  author={Bisong, Ekaba},
  booktitle={Building Machine Learning and Deep Learning Models on Google Cloud Platform},
  pages={151--165},
  year={2019},
  publisher={Springer}
}

@incollection{blobel1971,
  title={Ribosome-membrane interaction in eukaryotic cells},
  author={Blobel, G{\"u}nter and Sabatini, David D},
  booktitle={Biomembranes},
  pages={193--195},
  year={1971},
  publisher={Springer}
}

@misc{boundless_biology_eukaryotic, 
	title={Eukaryotic cells},
	author={Boundless-Biology},
	url={https://courses.lumenlearning.com/boundless-biology/chapter/eukaryotic-cells/},
	journal={Courses.lumenlearning.com}
}
@misc{boundless_biology_prokaryotic, 
	title={Prokaryotic cells},
	author={Boundless-Biology},
	url={https://courses.lumenlearning.com/boundless-biology/chapter/prokaryotic-cells/},
	journal={Courses.lumenlearning.com}
}
@phdthesis{cichonska2018,
author = {Cichonska, Anna},
year = {2018},
month = {10},
pages = {},
title = {Machine Learning for Systems Pharmacology},
doi = {10.13140/RG.2.2.32354.58565}
}
@article{cilia2013,
  title={From protein sequence to dynamics and disorder with DynaMine},
  author={Cilia, Elisa and Pancsa, Rita and Tompa, Peter and Lenaerts, Tom and Vranken, Wim F},
  journal={Nature communications},
  volume={4},
  number={1},
  pages={1--10},
  year={2013},
  publisher={Nature Publishing Group}
}

@article{crick1970,
  title={Central dogma of molecular biology},
  author={Crick, Francis},
  journal={Nature},
  volume={227},
  number={5258},
  pages={561--563},
  year={1970},
  publisher={Nature Publishing Group}
}

@article{dey2016,
  title={Machine learning algorithms: a review},
  author={Dey, Ayon},
  journal={International Journal of Computer Science and Information Technologies},
  volume={7},
  number={3},
  pages={1174--1179},
  year={2016}
}
@article{duffy2010,
  title={Discovery of functional motifs in h-regions of trypanosome signal sequences},
  author={Duffy, Josh and Patham, Bhargavi and Mensa-Wilmot, Kojo},
  journal={Biochemical Journal},
  volume={426},
  number={2},
  pages={135--145},
  year={2010},
  publisher={Portland Press Ltd.}
}

@article{feig2017,
  title={Crowding in cellular environments at an atomistic level from computer simulations},
  author={Feig, Michael and Yu, Isseki and Wang, Po-hung and Nawrocki, Grzegorz and Sugita, Yuji},
  journal={The Journal of Physical Chemistry B},
  volume={121},
  number={34},
  pages={8009--8025},
  year={2017},
  publisher={ACS Publications}
}

@article{fox2014,
  title={SCOPe: Structural Classification of Proteinsâ€”extended, integrating SCOP and ASTRAL data and classification of new structures},
  author={Fox, Naomi K and Brenner, Steven E and Chandonia, John-Marc},
  journal={Nucleic acids research},
  volume={42},
  number={D1},
  pages={D304--D309},
  year={2014},
  publisher={Oxford University Press}
}

@article{fu2012,
  title={CD-HIT: accelerated for clustering the next-generation sequencing data},
  author={Fu, Limin and Niu, Beifang and Zhu, Zhengwei and Wu, Sitao and Li, Weizhong},
  journal={Bioinformatics},
  volume={28},
  number={23},
  pages={3150--3152},
  year={2012},
  publisher={Oxford University Press}
}

@article{hardy1991,
  title={A kinetic partitioning model of selective binding of nonnative proteins by the bacterial chaperone SecB},
  author={Hardy, SJ and Randall, Linda L},
  journal={Science},
  volume={251},
  number={4992},
  pages={439--443},
  year={1991},
  publisher={American Association for the Advancement of Science}
}
@book{humphery2006,
  title={Microbial proteomics: functional biology of whole organisms},
  author={Humphery-Smith, Ian and Hecker, Michael},
  volume={48},
  year={2006},
  publisher={John Wiley \& Sons}
}

@article{hunter2007,
  title={Matplotlib: A 2D graphics environment},
  author={Hunter, John D},
  journal={Computing in science \& engineering},
  volume={9},
  number={3},
  pages={90--95},
  year={2007},
  publisher={IEEE Computer Society}
}

@misc{jaramillo2014,
  title={Improving protein sub-cellular localization prediction through semi-supervised learning},
  author={Jaramillo-Garz{\'o}n, Jorge Alberto and Castellanos-Dom{\'\i}nguez, C{\'e}sar Germ{\'a}n},
  year={2014},
  publisher={Citeseer}
}
@article{johnson2008,
  title={NCBI BLAST: a better web interface},
  author={Johnson, Mark and Zaretskaya, Irena and Raytselis, Yan and Merezhuk, Yuri and McGinnis, Scott and Madden, Thomas L},
  journal={Nucleic acids research},
  volume={36},
  number={suppl\_2},
  pages={W5--W9},
  year={2008},
  publisher={Oxford University Press}
}
@article{johnson2010,
  title={Hidden Markov model speed heuristic and iterative HMM search procedure},
  author={Johnson, L Steven and Eddy, Sean R and Portugaly, Elon},
  journal={BMC bioinformatics},
  volume={11},
  number={1},
  pages={431},
  year={2010},
  publisher={Springer}
}

@article{kanapin2003,
  title={Mouse proteome analysis},
  author={Kanapin, Alexander and Batalov, Serge and Davis, Melissa J and Gough, Julian and Grimmond, Sean and Kawaji, Hideya and Magrane, Michele and Matsuda, Hideo and Sch{\"o}nbach, Christian and Teasdale, Rohan D and others},
  journal={Genome research},
  volume={13},
  number={6b},
  pages={1335--1344},
  year={2003},
  publisher={Cold Spring Harbor Lab}
}

@book{korf2003,
  title={Blast},
  author={Korf, Ian and Yandell, Mark and Bedell, Joseph},
  year={2003},
  publisher={" O'Reilly Media, Inc."}
}

@article{li2006,
  title={Cd-hit: a fast program for clustering and comparing large sets of protein or nucleotide sequences},
  author={Li, Weizhong and Godzik, Adam},
  journal={Bioinformatics},
  volume={22},
  number={13},
  pages={1658--1659},
  year={2006},
  publisher={Oxford University Press}
}

@article{loos2019,
  title={Structural basis of the sub-cellular topology landscape of Escherichia coli},
  author={Loos, Maria and Ramakrishnan, Reshmi and Vranken, Wim and Tsirigotaki, Alexandra and Tsare, Evrydiki-Pandora and Zorzini, Valentina and De Geyter, Jozefien and Yuan, Biao and Tsamardinos, Ioannis and Klapa, Maria I and others},
  journal={Frontiers in microbiology},
  volume={10},
  pages={1670},
  year={2019},
  publisher={Frontiers}
}
@article{madigan2015,
  title={Brock Biology of Microorganisms, Vol},
  author={Madigan, MT and Martinko, John M and Bender, Kelly S and Buckley, Daniel H and Stahl, David Allan},
  year={2015},
  publisher={Upper Saddle River, NJ: Prentice Hall}
}

@article{mann2013review,
  title={Review paper on clustering techniques},
  author={Mann, Amandeep Kaur and Kaur, Navneet},
  journal={Global Journal of Computer Science and Technology},
  year={2013}
}

@article{minton2001,
  title={The influence of macromolecular crowding and macromolecular confinement on biochemical reactions in physiological media},
  author={Minton, Allen P},
  journal={Journal of biological chemistry},
  volume={276},
  number={14},
  pages={10577--10580},
  year={2001},
  publisher={ASBMB}
}
@article{mordkovich2015,
  title={Structural and functional organization of the signal peptide of pro-enterotoxin B from Staphylococcus aureus},
  author={Mordkovich, NN and Okorokova, NA and Veiko, VP},
  journal={Applied biochemistry and microbiology},
  volume={51},
  number={6},
  pages={641--648},
  year={2015},
  publisher={Springer}
}

@article{nielsen2019,
  title={A brief history of protein sorting prediction},
  author={Nielsen, Henrik and Tsirigos, Konstantinos D and Brunak, S{\o}ren and von Heijne, Gunnar},
  journal={The protein journal},
  volume={38},
  number={3},
  pages={200--216},
  year={2019},
  publisher={Springer}
}

@article{orfanoudaki2017,
  title={MatureP: prediction of secreted proteins with exclusive information from their mature regions},
  author={Orfanoudaki, Georgia and Markaki, Maria and Chatzi, Katerina and Tsamardinos, Ioannis and Economou, Anastassios},
  journal={Scientific reports},
  volume={7},
  number={1},
  pages={1--12},
  year={2017},
  publisher={Nature Publishing Group}
}

@article{owji2018,
  title={A comprehensive review of signal peptides: Structure, roles, and applications},
  author={Owji, Hajar and Nezafat, Navid and Negahdaripour, Manica and Hajiebrahimi, Ali and Ghasemi, Younes},
  journal={European journal of cell biology},
  volume={97},
  number={6},
  pages={422--441},
  year={2018},
  publisher={Elsevier}
}

@article{paetzel2002,
  title={Signal peptidases},
  author={Paetzel, Mark and Karla, Andrew and Strynadka, Natalie CJ and Dalbey, Ross E},
  journal={Chemical reviews},
  volume={102},
  number={12},
  pages={4549--4580},
  year={2002},
  publisher={ACS Publications}
}
@article{paetzel2014,
  title={Structure and mechanism of Escherichia coli type I signal peptidase},
  author={Paetzel, Mark},
  journal={Biochimica et Biophysica Acta (BBA)-Molecular Cell Research},
  volume={1843},
  number={8},
  pages={1497--1508},
  year={2014},
  publisher={Elsevier}
}

@article{raimondi2017,
  title={Exploring the sequence-based prediction of folding initiation sites in proteins},
  author={Raimondi, Daniele and Orlando, Gabriele and Pancsa, Rita and Khan, Taushif and Vranken, Wim F},
  journal={Scientific reports},
  volume={7},
  number={1},
  pages={1--11},
  year={2017},
  publisher={Nature Publishing Group}
}

@article{raimondi2018,
  title={Ultra-fast global homology detection with Discrete Cosine Transform and Dynamic Time Warping},
  author={Raimondi, Daniele and Orlando, Gabriele and Moreau, Yves and Vranken, Wim F},
  journal={Bioinformatics},
  volume={34},
  number={18},
  pages={3118--3125},
  year={2018},
  publisher={Oxford University Press}
}

@article{reitz2012,
  title={Request: Python http for humans},
  author={Reitz, Kenneth},
  journal={URL: http://python-requests. org},
  year={2012}
}
@article{rusch2007,
  title={Interactions that drive Sec-dependent bacterial protein transport},
  author={Rusch, Sharyn L and Kendall, Debra A},
  journal={Biochemistry},
  volume={46},
  number={34},
  pages={9665--9673},
  year={2007},
  publisher={ACS Publications}
}

@article{sievers2014,
  title={Clustal omega},
  author={Sievers, Fabian and Higgins, Desmond G},
  journal={Current protocols in bioinformatics},
  volume={48},
  number={1},
  pages={3--13},
  year={2014},
  publisher={Wiley Online Library}
}

@article{suzek2015,
  title={UniRef clusters: a comprehensive and scalable alternative for improving sequence similarity searches},
  author={Suzek, Baris E and Wang, Yuqi and Huang, Hongzhan and McGarvey, Peter B and Wu, Cathy H and UniProt Consortium},
  journal={Bioinformatics},
  volume={31},
  number={6},
  pages={926--932},
  year={2015},
  publisher={Oxford University Press}
}

@article{uniprot2017,
  title={UniProt: the universal protein knowledgebase},
  journal={Nucleic acids research},
  volume={45},
  number={D1},
  pages={D158--D169},
  year={2017},
  publisher={Oxford University Press}
}
@article{uniprot2019,
  title={UniProt: a worldwide hub of protein knowledge},
  author={UniProt-Consortium},
  journal={Nucleic acids research},
  volume={47},
  number={D1},
  pages={D506--D515},
  year={2019},
  publisher={Oxford University Press}
}

@misc{uniprot_api,
	title={Programmatic access},
	author={uniprot.org},
	date={2018},
	url={https://www.uniprot.org/help/programmatic_access}
}


@book{urry2014,
  title={Campbell biology in focus},
  author={Urry, Lisa A and Cain, Michael Lee and Wasserman, Steven Alexander and Minorsky, Peter V and Reece, Jane B},
  volume={10},
  year={2014},
  publisher={Pearson}
}

@article{van2014,
  title={Classification of intrinsically disordered regions and proteins},
  author={Van Der Lee, Robin and Buljan, Marija and Lang, Benjamin and Weatheritt, Robert J and Daughdrill, Gary W and Dunker, A Keith and Fuxreiter, Monika and Gough, Julian and Gsponer, Joerg and Jones, David T and others},
  journal={Chemical reviews},
  volume={114},
  number={13},
  pages={6589--6631},
  year={2014},
  publisher={ACS Publications}
}

@article{von1984,
  title={How signal sequences maintain cleavage specificity},
  author={von Heijne, Gunnar},
  journal={Journal of molecular biology},
  volume={173},
  number={2},
  pages={243--251},
  year={1984},
  publisher={Elsevier}
}
@article{von1990,
  title={The signal peptide},
  author={von Heijne, Gunnar},
  journal={The Journal of membrane biology},
  volume={115},
  number={3},
  pages={195--201},
  year={1990},
  publisher={Springer-Verlag}
}
@article{zalucki2007,
  title={Selection for efficient translation initiation biases codon usage at second amino acid position in secretory proteins},
  author={Zalucki, Yaramah M and Power, Peter M and Jennings, Michael P},
  journal={Nucleic acids research},
  volume={35},
  number={17},
  pages={5748--5754},
  year={2007},
  publisher={Oxford University Press}
}

