@article{alley2019,
  title={Unified rational protein engineering with sequence-based deep representation learning},
  author={Alley, Ethan C and Khimulya, Grigory and Biswas, Surojit and AlQuraishi, Mohammed and Church, George M},
  journal={Nature methods},
  volume={16},
  number={12},
  pages={1315--1322},
  year={2019},
  publisher={Nature Publishing Group}
}

