@incollection{alloghani2020,
  title={A Systematic Review on Supervised and Unsupervised Machine Learning Algorithms for Data Science},
  author={Alloghani, Mohamed and Al-Jumeily, Dhiya and Mustafina, Jamila and Hussain, Abir and Aljaaf, Ahmed J},
  booktitle={Supervised and Unsupervised Learning for Data Science},
  pages={3--21},
  year={2020},
  publisher={Springer}
}
