@article{almagro2017deeploc,
  title={DeepLoc: prediction of protein subcellular localization using deep learning},
  author={Almagro Armenteros, Jos{\'e} Juan and S{\o}nderby, Casper Kaae and S{\o}nderby, S{\o}ren Kaae and Nielsen, Henrik and Winther, Ole},
  journal={Bioinformatics},
  volume={33},
  number={21},
  pages={3387--3395},
  year={2017},
  publisher={Oxford University Press}
}
