@article{armenteros2019,
  title={SignalP 5.0 improves signal peptide predictions using deep neural networks},
  author={Armenteros, Jos{\'e} Juan Almagro and Tsirigos, Konstantinos D and S{\o}nderby, Casper Kaae and Petersen, Thomas Nordahl and Winther, Ole and Brunak, S{\o}ren and von Heijne, Gunnar and Nielsen, Henrik},
  journal={Nature biotechnology},
  volume={37},
  number={4},
  pages={420--423},
  year={2019},
  publisher={Nature Publishing Group}
}
