@article{auclair2012,
  title={Signal peptidase I: cleaving the way to mature proteins},
  author={Auclair, Sarah M and Bhanu, Meera K and Kendall, Debra A},
  journal={Protein Science},
  volume={21},
  number={1},
  pages={13--25},
  year={2012},
  publisher={Wiley Online Library}
}

