@misc{berg2015,
  title={Biochemistry (eight edition)},
  author={Berg, JM and Tymoczko, JL and Gatto, G and Stryer, L},
  year={2015},
  publisher={WH Freeman \& Co Ltd}
}

