@incollection{bisong2019,
  title={Matplotlib and Seaborn},
  author={Bisong, Ekaba},
  booktitle={Building Machine Learning and Deep Learning Models on Google Cloud Platform},
  pages={151--165},
  year={2019},
  publisher={Springer}
}

