@incollection{blobel1971,
  title={Ribosome-membrane interaction in eukaryotic cells},
  author={Blobel, G{\"u}nter and Sabatini, David D},
  booktitle={Biomembranes},
  pages={193--195},
  year={1971},
  publisher={Springer}
}

