@misc{boundless_biology_prokaryotic, 
	title={Prokaryotic cells},
	author={Boundless-Biology},
	url={https://courses.lumenlearning.com/boundless-biology/chapter/prokaryotic-cells/},
	journal={Courses.lumenlearning.com}
}
