@misc{boundless_biology_eukaryotic, 
	title={Eukaryotic cells},
	author={Boundless-Biology},
	url={https://courses.lumenlearning.com/boundless-biology/chapter/eukaryotic-cells/},
	journal={Courses.lumenlearning.com}
}
