@phdthesis{cichonska2018,
author = {Cichonska, Anna},
year = {2018},
month = {10},
pages = {},
title = {Machine Learning for Systems Pharmacology},
doi = {10.13140/RG.2.2.32354.58565}
}
