@article{cilia2013,
  title={From protein sequence to dynamics and disorder with DynaMine},
  author={Cilia, Elisa and Pancsa, Rita and Tompa, Peter and Lenaerts, Tom and Vranken, Wim F},
  journal={Nature communications},
  volume={4},
  number={1},
  pages={1--10},
  year={2013},
  publisher={Nature Publishing Group}
}

