@article{crick1970,
  title={Central dogma of molecular biology},
  author={Crick, Francis},
  journal={Nature},
  volume={227},
  number={5258},
  pages={561--563},
  year={1970},
  publisher={Nature Publishing Group}
}

