@article{dey2016,
  title={Machine learning algorithms: a review},
  author={Dey, Ayon},
  journal={International Journal of Computer Science and Information Technologies},
  volume={7},
  number={3},
  pages={1174--1179},
  year={2016}
}
