@article{duffy2010,
  title={Discovery of functional motifs in h-regions of trypanosome signal sequences},
  author={Duffy, Josh and Patham, Bhargavi and Mensa-Wilmot, Kojo},
  journal={Biochemical Journal},
  volume={426},
  number={2},
  pages={135--145},
  year={2010},
  publisher={Portland Press Ltd.}
}

