@article{feig2017,
  title={Crowding in cellular environments at an atomistic level from computer simulations},
  author={Feig, Michael and Yu, Isseki and Wang, Po-hung and Nawrocki, Grzegorz and Sugita, Yuji},
  journal={The Journal of Physical Chemistry B},
  volume={121},
  number={34},
  pages={8009--8025},
  year={2017},
  publisher={ACS Publications}
}

