@article{fox2014,
  title={SCOPe: Structural Classification of Proteinsâ€”extended, integrating SCOP and ASTRAL data and classification of new structures},
  author={Fox, Naomi K and Brenner, Steven E and Chandonia, John-Marc},
  journal={Nucleic acids research},
  volume={42},
  number={D1},
  pages={D304--D309},
  year={2014},
  publisher={Oxford University Press}
}

