@article{fu2012,
  title={CD-HIT: accelerated for clustering the next-generation sequencing data},
  author={Fu, Limin and Niu, Beifang and Zhu, Zhengwei and Wu, Sitao and Li, Weizhong},
  journal={Bioinformatics},
  volume={28},
  number={23},
  pages={3150--3152},
  year={2012},
  publisher={Oxford University Press}
}

