@article{hardy1991,
  title={A kinetic partitioning model of selective binding of nonnative proteins by the bacterial chaperone SecB},
  author={Hardy, SJ and Randall, Linda L},
  journal={Science},
  volume={251},
  number={4992},
  pages={439--443},
  year={1991},
  publisher={American Association for the Advancement of Science}
}
