@book{humphery2006,
  title={Microbial proteomics: functional biology of whole organisms},
  author={Humphery-Smith, Ian and Hecker, Michael},
  volume={48},
  year={2006},
  publisher={John Wiley \& Sons}
}

