@misc{jaramillo2014,
  title={Improving protein sub-cellular localization prediction through semi-supervised learning},
  author={Jaramillo-Garz{\'o}n, Jorge Alberto and Castellanos-Dom{\'\i}nguez, C{\'e}sar Germ{\'a}n},
  year={2014},
  publisher={Citeseer}
}
