@article{johnson2010,
  title={Hidden Markov model speed heuristic and iterative HMM search procedure},
  author={Johnson, L Steven and Eddy, Sean R and Portugaly, Elon},
  journal={BMC bioinformatics},
  volume={11},
  number={1},
  pages={431},
  year={2010},
  publisher={Springer}
}

