@article{johnson2008,
  title={NCBI BLAST: a better web interface},
  author={Johnson, Mark and Zaretskaya, Irena and Raytselis, Yan and Merezhuk, Yuri and McGinnis, Scott and Madden, Thomas L},
  journal={Nucleic acids research},
  volume={36},
  number={suppl\_2},
  pages={W5--W9},
  year={2008},
  publisher={Oxford University Press}
}
