@article{kanapin2003,
  title={Mouse proteome analysis},
  author={Kanapin, Alexander and Batalov, Serge and Davis, Melissa J and Gough, Julian and Grimmond, Sean and Kawaji, Hideya and Magrane, Michele and Matsuda, Hideo and Sch{\"o}nbach, Christian and Teasdale, Rohan D and others},
  journal={Genome research},
  volume={13},
  number={6b},
  pages={1335--1344},
  year={2003},
  publisher={Cold Spring Harbor Lab}
}

