@book{korf2003,
  title={Blast},
  author={Korf, Ian and Yandell, Mark and Bedell, Joseph},
  year={2003},
  publisher={" O'Reilly Media, Inc."}
}

