@article{loos2019,
  title={Structural basis of the sub-cellular topology landscape of Escherichia coli},
  author={Loos, Maria and Ramakrishnan, Reshmi and Vranken, Wim and Tsirigotaki, Alexandra and Tsare, Evrydiki-Pandora and Zorzini, Valentina and De Geyter, Jozefien and Yuan, Biao and Tsamardinos, Ioannis and Klapa, Maria I and others},
  journal={Frontiers in microbiology},
  volume={10},
  pages={1670},
  year={2019},
  publisher={Frontiers}
}
