@article{madigan2015,
  title={Brock Biology of Microorganisms, Vol},
  author={Madigan, MT and Martinko, John M and Bender, Kelly S and Buckley, Daniel H and Stahl, David Allan},
  year={2015},
  publisher={Upper Saddle River, NJ: Prentice Hall}
}

