@article{mann2013review,
  title={Review paper on clustering techniques},
  author={Mann, Amandeep Kaur and Kaur, Navneet},
  journal={Global Journal of Computer Science and Technology},
  year={2013}
}

