@article{minton2001,
  title={The influence of macromolecular crowding and macromolecular confinement on biochemical reactions in physiological media},
  author={Minton, Allen P},
  journal={Journal of biological chemistry},
  volume={276},
  number={14},
  pages={10577--10580},
  year={2001},
  publisher={ASBMB}
}
