@article{mordkovich2015,
  title={Structural and functional organization of the signal peptide of pro-enterotoxin B from Staphylococcus aureus},
  author={Mordkovich, NN and Okorokova, NA and Veiko, VP},
  journal={Applied biochemistry and microbiology},
  volume={51},
  number={6},
  pages={641--648},
  year={2015},
  publisher={Springer}
}

