@article{nielsen2019,
  title={A brief history of protein sorting prediction},
  author={Nielsen, Henrik and Tsirigos, Konstantinos D and Brunak, S{\o}ren and von Heijne, Gunnar},
  journal={The protein journal},
  volume={38},
  number={3},
  pages={200--216},
  year={2019},
  publisher={Springer}
}

