@article{orfanoudaki2017,
  title={MatureP: prediction of secreted proteins with exclusive information from their mature regions},
  author={Orfanoudaki, Georgia and Markaki, Maria and Chatzi, Katerina and Tsamardinos, Ioannis and Economou, Anastassios},
  journal={Scientific reports},
  volume={7},
  number={1},
  pages={1--12},
  year={2017},
  publisher={Nature Publishing Group}
}

