@article{owji2018,
  title={A comprehensive review of signal peptides: Structure, roles, and applications},
  author={Owji, Hajar and Nezafat, Navid and Negahdaripour, Manica and Hajiebrahimi, Ali and Ghasemi, Younes},
  journal={European journal of cell biology},
  volume={97},
  number={6},
  pages={422--441},
  year={2018},
  publisher={Elsevier}
}

