@article{paetzel2014,
  title={Structure and mechanism of Escherichia coli type I signal peptidase},
  author={Paetzel, Mark},
  journal={Biochimica et Biophysica Acta (BBA)-Molecular Cell Research},
  volume={1843},
  number={8},
  pages={1497--1508},
  year={2014},
  publisher={Elsevier}
}

