@article{paetzel2002,
  title={Signal peptidases},
  author={Paetzel, Mark and Karla, Andrew and Strynadka, Natalie CJ and Dalbey, Ross E},
  journal={Chemical reviews},
  volume={102},
  number={12},
  pages={4549--4580},
  year={2002},
  publisher={ACS Publications}
}
