@article{raimondi2018,
  title={Ultra-fast global homology detection with Discrete Cosine Transform and Dynamic Time Warping},
  author={Raimondi, Daniele and Orlando, Gabriele and Moreau, Yves and Vranken, Wim F},
  journal={Bioinformatics},
  volume={34},
  number={18},
  pages={3118--3125},
  year={2018},
  publisher={Oxford University Press}
}

