@article{raimondi2017,
  title={Exploring the sequence-based prediction of folding initiation sites in proteins},
  author={Raimondi, Daniele and Orlando, Gabriele and Pancsa, Rita and Khan, Taushif and Vranken, Wim F},
  journal={Scientific reports},
  volume={7},
  number={1},
  pages={1--11},
  year={2017},
  publisher={Nature Publishing Group}
}

