@article{reitz2012,
  title={Request: Python http for humans},
  author={Reitz, Kenneth},
  journal={URL: http://python-requests. org},
  year={2012}
}
