@article{rusch2007,
  title={Interactions that drive Sec-dependent bacterial protein transport},
  author={Rusch, Sharyn L and Kendall, Debra A},
  journal={Biochemistry},
  volume={46},
  number={34},
  pages={9665--9673},
  year={2007},
  publisher={ACS Publications}
}

