@article{sievers2014,
  title={Clustal omega},
  author={Sievers, Fabian and Higgins, Desmond G},
  journal={Current protocols in bioinformatics},
  volume={48},
  number={1},
  pages={3--13},
  year={2014},
  publisher={Wiley Online Library}
}

