@article{suzek2015,
  title={UniRef clusters: a comprehensive and scalable alternative for improving sequence similarity searches},
  author={Suzek, Baris E and Wang, Yuqi and Huang, Hongzhan and McGarvey, Peter B and Wu, Cathy H and UniProt Consortium},
  journal={Bioinformatics},
  volume={31},
  number={6},
  pages={926--932},
  year={2015},
  publisher={Oxford University Press}
}

