@article{uniprot2019,
  title={UniProt: a worldwide hub of protein knowledge},
  author={UniProt-Consortium},
  journal={Nucleic acids research},
  volume={47},
  number={D1},
  pages={D506--D515},
  year={2019},
  publisher={Oxford University Press}
}

