@misc{uniprot_api,
	title={Programmatic access},
	author={uniprot.org},
	date={2018},
	url={https://www.uniprot.org/help/programmatic_access}
}


