@article{uniprot2017,
  title={UniProt: the universal protein knowledgebase},
  journal={Nucleic acids research},
  volume={45},
  number={D1},
  pages={D158--D169},
  year={2017},
  publisher={Oxford University Press}
}
