@book{urry2014,
  title={Campbell biology in focus},
  author={Urry, Lisa A and Cain, Michael Lee and Wasserman, Steven Alexander and Minorsky, Peter V and Reece, Jane B},
  volume={10},
  year={2014},
  publisher={Pearson}
}

