@article{van2014,
  title={Classification of intrinsically disordered regions and proteins},
  author={Van Der Lee, Robin and Buljan, Marija and Lang, Benjamin and Weatheritt, Robert J and Daughdrill, Gary W and Dunker, A Keith and Fuxreiter, Monika and Gough, Julian and Gsponer, Joerg and Jones, David T and others},
  journal={Chemical reviews},
  volume={114},
  number={13},
  pages={6589--6631},
  year={2014},
  publisher={ACS Publications}
}

