@article{von1990,
  title={The signal peptide},
  author={von Heijne, Gunnar},
  journal={The Journal of membrane biology},
  volume={115},
  number={3},
  pages={195--201},
  year={1990},
  publisher={Springer-Verlag}
}
