@article{von1984,
  title={How signal sequences maintain cleavage specificity},
  author={von Heijne, Gunnar},
  journal={Journal of molecular biology},
  volume={173},
  number={2},
  pages={243--251},
  year={1984},
  publisher={Elsevier}
}
