@article{zalucki2007,
  title={Selection for efficient translation initiation biases codon usage at second amino acid position in secretory proteins},
  author={Zalucki, Yaramah M and Power, Peter M and Jennings, Michael P},
  journal={Nucleic acids research},
  volume={35},
  number={17},
  pages={5748--5754},
  year={2007},
  publisher={Oxford University Press}
}

